<?xml version="1.0" encoding="UTF-8"?>
<record xmlns="http://www.loc.gov/MARC21/slim" xmlns:xsi="http://www.w3.org/2001/XMLSchema-instance" xsi:schemaLocation="http://www.loc.gov/MARC21/slim http://www.loc.gov/standards/marcxml/schema/MARC21slim.xsd">
<leader>00000cam a22      a 4500</leader>
<controlfield tag="001">001700635</controlfield>
<controlfield tag="003">NNU</controlfield>
<controlfield tag="005">20160301154135.0</controlfield>
<controlfield tag="008">010206m19631969ir       b    000 0 ara d</controlfield>
<datafield tag="035" ind1=" " ind2=" ">
<subfield code="a">(OCoLC)477056584</subfield>
</datafield>
<datafield tag="040" ind1=" " ind2=" ">
<subfield code="a">NjP</subfield>
<subfield code="b">eng</subfield>
<subfield code="c">N15</subfield>
<subfield code="d">OCLCF</subfield>
<subfield code="d">OCLCQ</subfield>
<subfield code="d">NNU</subfield>
</datafield>
<datafield tag="050" ind1=" " ind2="4">
<subfield code="a">BP193</subfield>
<subfield code="b">.H8 1963</subfield>
</datafield>
<datafield tag="100" ind1="1" ind2=" ">
<subfield code="6">880-01</subfield>
<subfield code="a">Ḥurr al-ʻĀmilī, Muḥammad ibn al-Ḥasan,</subfield>
<subfield code="d">1624-1693.</subfield>
</datafield>
<datafield tag="245" ind1="1" ind2="0">
<subfield code="6">880-02</subfield>
<subfield code="a">Wasāʼil al-Shīʻah ilá taḥṣīl masāʼil al-sharīʻah /</subfield>
<subfield code="c">taʼlīf Muḥammad ibn al-Ḥasan al-Ḥurr al-ʻĀmilī ; ʻuniya bi-taṣḥīḥihi wa-taḥqīqihi wa-tadhyīlihi ʻAbd al-Raḥmān al-Rabbānī al-Shīrāzī.</subfield>
</datafield>
<datafield tag="250" ind1=" " ind2=" ">
<subfield code="6">880-03</subfield>
<subfield code="a">al-Ṭabʻah 2.</subfield>
</datafield>
<datafield tag="260" ind1=" " ind2=" ">
<subfield code="6">880-04</subfield>
<subfield code="a">Ṭihrān :</subfield>
<subfield code="b">Maktabah al-Islāmīyah,</subfield>
<subfield code="c">1383-1389 [1963 or 1964-1969]</subfield>
</datafield>
<datafield tag="300" ind1=" " ind2=" ">
<subfield code="a">20 volumes ;</subfield>
<subfield code="c">24 cm</subfield>
</datafield>
<datafield tag="336" ind1=" " ind2=" ">
<subfield code="a">text</subfield>
<subfield code="b">txt</subfield>
<subfield code="2">rdacontent</subfield>
</datafield>
<datafield tag="337" ind1=" " ind2=" ">
<subfield code="a">unmediated</subfield>
<subfield code="b">n</subfield>
<subfield code="2">rdamedia</subfield>
</datafield>
<datafield tag="338" ind1=" " ind2=" ">
<subfield code="a">volume</subfield>
<subfield code="b">nc</subfield>
<subfield code="2">rdacarrier</subfield>
</datafield>
<datafield tag="500" ind1=" " ind2=" ">
<subfield code="a">Vols. 17-20 edited by: Muḥammad al-Rāzī.</subfield>
</datafield>
<datafield tag="500" ind1=" " ind2=" ">
<subfield code="a">Vols. 15-20 lack edition statement.</subfield>
</datafield>
<datafield tag="504" ind1=" " ind2=" ">
<subfield code="a">Includes bibliographical references.</subfield>
</datafield>
<datafield tag="505" ind1="0" ind2=" ">
<subfield code="a">Al-juzʼ 1-2. Kitāb al-ṭahārah -- al-juzʼ 3-5. Kitāb al-ṣalāh -- al-juzʼ 6. Kitāb al-zakāh wa-al-khums -- al-juzʼ 7. Kitāb al-ṣawm -- al-juzʼ 8-10. Kitāb al-ḥajj -- al-juzʼ 11. Kitāb al-ijtihād wa-al-amr bi-al-maʻrūf ... -- al-juzʼ 12. Kitāb al-tijārah -- al-juzʼ 13. Kitāb al-tijārah wa-al-waṣiyah -- al-juzʼ 14. Kitāb al-nikāḥ -- al-juzʼ 15. Kitāb al-nikāḥ wa-al-ṭalāq -- al-juzʼ 16. al-Ṣayd wa-al-dhabāyiḥ -- al-juzʼ 17. Kitāb al-aṭʻimah wa-al-ashribah -- al-juzʼ 18. Kitāb al-qaḍāʼ wa-al-shahādāt -- al-juzʼ 19. Kitāb al-qaṣāṣ wa-al-diyāt -- al-juzʼ 20. [Without special title].</subfield>
</datafield>
<datafield tag="650" ind1=" " ind2="0">
<subfield code="a">Hadith (Shiites)</subfield>
</datafield>
<datafield tag="650" ind1=" " ind2="7">
<subfield code="a">Hadith (Shiites)</subfield>
<subfield code="2">fast</subfield>
<subfield code="0">(OCoLC)fst00950138</subfield>
</datafield>
<datafield tag="700" ind1="1" ind2=" ">
<subfield code="6">880-05</subfield>
<subfield code="a">Rabbānī, ʻAbd al-Raḥmān.</subfield>
</datafield>
<datafield tag="700" ind1="1" ind2=" ">
<subfield code="6">880-06</subfield>
<subfield code="a">Rāzī, Muḥammad,</subfield>
<subfield code="d">1922-</subfield>
</datafield>
<datafield tag="880" ind1="1" ind2=" ">
<subfield code="6">100-01/</subfield>
<subfield code="a">حر العاملى، محمد ابن الحسن،</subfield>
<subfield code="d">1624-1693.</subfield>
</datafield>
<datafield tag="880" ind1="1" ind2="0">
<subfield code="6">245-02/</subfield>
<subfield code="a">وسائل الشيعة الى تجصيل مسائل الشريعة /</subfield>
<subfield code="c">تاليف محمد بن الحسن الحر العاملى ; عنى بتذييله وتحقيقة وتصحيحه عبدالرحيم الربانى الشيرازى.</subfield>
</datafield>
<datafield tag="880" ind1=" " ind2=" ">
<subfield code="6">250-03/</subfield>
<subfield code="a">الطبعة ٢.</subfield>
</datafield>
<datafield tag="880" ind1=" " ind2=" ">
<subfield code="6">260-04/</subfield>
<subfield code="a">طهران :</subfield>
<subfield code="b">مكتبة الاسلامية،</subfield>
<subfield code="c">1383-1389 [1963 or 1964-1969]</subfield>
</datafield>
<datafield tag="880" ind1="1" ind2=" ">
<subfield code="6">700-05/</subfield>
<subfield code="a">رباني، عبد الرحمن.</subfield>
</datafield>
<datafield tag="880" ind1="1" ind2=" ">
<subfield code="6">700-06/</subfield>
<subfield code="a">رازي، محمد،</subfield>
<subfield code="d">1922-</subfield>
</datafield>
<datafield tag="OWN" ind1=" " ind2=" ">
<subfield code="a">GENERAL</subfield>
</datafield>
<datafield tag="AVA" ind1=" " ind2=" ">
<subfield code="a">NYU50</subfield>
<subfield code="b">BOBST</subfield>
<subfield code="c">Main Collection</subfield>
<subfield code="d">BP193 .H8</subfield>
<subfield code="e">unavailable</subfield>
<subfield code="t">Unavailable</subfield>
<subfield code="f">1</subfield>
<subfield code="g">1</subfield>
<subfield code="h">Y</subfield>
<subfield code="i">0</subfield>
<subfield code="j">MAIN</subfield>
<subfield code="k">0</subfield>
</datafield>
</record>
